<record><leader>00000cas a22000007a 4500</leader><controlfield tag="001">13024787</controlfield><controlfield tag="008">860115d18861895wiuwr ne      0    0ger d</controlfield><datafield ind1=" " ind2=" " tag="010"><subfield code="a">sn 86086030 </subfield></datafield><datafield ind1=" " ind2=" " tag="040"><subfield code="a">NPV</subfield><subfield code="b">eng</subfield><subfield code="c">NPV</subfield><subfield code="d">OCLCQ</subfield></datafield><datafield ind1=" " ind2=" " tag="042"><subfield code="a">msc</subfield></datafield><datafield ind1="0" ind2=" " tag="130"><subfield code="a">Nordwestliche Post (Plymouth, Wis.)</subfield></datafield><datafield ind1="1" ind2="0" tag="245"><subfield code="a">Nordwestliche Post.</subfield></datafield><datafield ind1=" " ind2=" " tag="260"><subfield code="a">Plymouth, Wis. :</subfield><subfield code="b">C.F. &amp; H.F.T. Wandersleben,</subfield><subfield code="c">1886-1895.</subfield></datafield><datafield ind1=" " ind2=" " tag="300"><subfield code="a">v.</subfield></datafield><datafield ind1=" " ind2=" " tag="310"><subfield code="a">Weekly</subfield></datafield><datafield ind1="0" ind2=" " tag="362"><subfield code="a">Jahr. 1, nr. 1 (2. Oct. 1886)-jahr. 9, nr. 40 (20. Juni. 1895).</subfield></datafield><datafield ind1=" " ind2=" " tag="525"><subfield code="a">Supplements accompany some issues.</subfield></datafield><datafield ind1=" " ind2=" " tag="752"><subfield code="a">United States</subfield><subfield code="b">Wisconsin</subfield><subfield code="c">Sheboygan</subfield><subfield code="d">Plymouth.</subfield></datafield><datafield ind1="0" ind2="0" tag="785"><subfield code="t">Plymouth Post (Plymouth, Wis.)</subfield><subfield code="w">(DLC)sn 86086031</subfield></datafield></record>